

@article{zabala2021geospatial,
  title={Geospatial User Feedback: How to Raise Usersâ€™ Voices and Collectively Build Knowledge at the Same Time},
  author={Zabala, Alaitz and Mas{\'o}, Joan and Bastin, Lucy and Giuliani, Gregory and Pons, Xavier},
  journal={ISPRS international journal of geo-information},
  volume={10},
  number={3},
  pages={141},
  year={2021},
  publisher={MDPI}
}

@misc{claramunt1997qualitative,
  title={A qualitative representation of evolving spatial entities in two-dimensional topological spaces},
  author={Claramunt, Christophe and Th{\'e}riault, Marius and Parent, Christine},
  journal={Innovations in GIS V},
  pages={119--129},
  year={1997},
  publisher={London, Taylor \& Francis}
}

@inproceedings{harvey1998geometric,
  title={Geometric matching of areas, comparison measures and association links},
  author={Harvey, Francis and Vauglin, F and Bel Hadj Ali, A},
  booktitle={Proceedings of the 8th International Symposium On Spatial Data Handling},
  pages={557--568},
  year={1998}
}

@article{olteanu2015knowledge,
  title={Knowledge formalization for vector data matching using belief theory},
  author={Olteanu-Raimond, Ana-Maria and Mustiere, Sebastien and Ruas, Anne},
  journal={Journal of Spatial Information Science},
  number={10},
  pages={21--46},
  year={2015}
}

@article{dembski2021reurbanisation,
  title={Reurbanisation and suburbia in Northwest Europe: A comparative perspective on spatial trends and policy approaches},
  author={Dembski, Sebastian and Sykes, Olivier and Couch, Chris and Desjardins, Xavier and Evers, David and Osterhage, Frank and Siedentop, Stefan and Zimmermann, Karsten},
  journal={Progress in Planning},
  volume={150},
  pages={100462},
  year={2021},
  publisher={Elsevier}
}


@article{jehling2020densification,
  title={Densification in suburban Germany: approaching policy and space through concepts of justice.},
  author={Jehling, Mathias and Schorcht, Martin and Hartmann, Thomas},
  journal={TPR: Town Planning Review},
  volume={91},
  number={3},
  year={2020}
}


@article{zhang2023spatial,
  title={Spatial measures and methods in sustainable urban morphology: A systematic review},
  author={Zhang, Pan and Ghosh, Debarchana and Park, Sohyun},
  journal={Landscape and Urban Planning},
  volume={237},
  pages={104776},
  year={2023},
  publisher={Elsevier}
}
